@inproceedings{Prasad16,
year = {2016},
author = {Prasad, Meghshyam G. and Sharat Chandran  and Brown, Michael S.},
title = "{Mosaicing Scenes through Quadcopter}",
booktitle ={IEEE Winter conference on Applications of Computer Vision}
}
@inproceedings{Lhuillier,
year={2001},
author = {Lhuillier, M. and Quan, L. and Shum, H. and Tsui, H.T.},
title = {Relief Mosaics by Joint View Triangulation},
booktitle ={IEEE Conference on Computer Vision and Pattern Recognition (CVPR)},
}

@book{Kocay,
title = {Graphs, Algorithms, and Optimization},
author = {William Kocay and Donald L. Kreher},
year = {2004},
series = {Discrete Mathematics and Its Applications},
publisher = {Chapman and Hall}
}

@article{Lior,
year = {2005},
author = {Rokach, Lior and Oded Maimon},
title = "{Clustering methods}",
journal = {Data mining and knowledge discovery handbook},
pages= {321--352}
}

@inproceedings{Gao,
year={2011},
author = {Junhong Gao and Seon Joo Kim and Brown, M.S.},
title = {Constructing image panoramas using dual-homography warping},
booktitle ={IEEE Conference on Computer Vision and Pattern Recognition (CVPR)},
}

@inproceedings{Bay,
year={2006},
author = {Herbert Bay and Tinne Tuytelaars and Luc Van Gool},
title = "{SURF: Speeded Up Robust Features}",
booktitle = {European Conference on Computer Vision (ECCV)}
}

@article{Fischler1981,
 author = {Fischler, Martin A. and Bolles, Robert C.},
 title = "{Random Sample Consensus: A Paradigm for Model Fitting with Applications to Image Analysis and Automated Cartography}",
 journal = {Commun. ACM},
 issue_date = {June 1981},
 volume = {24},
 number = {6},
 month = jun,
 year = {1981},
 issn = {0001-0782},
 pages = {381--395},
 numpages = {15}, 
} 

@inproceedings{Acha,
year={2005},
author = {Rav-Acha, A. and Pritch, Y. and Lischinski, D. and Peleg, S.},
title = {Dynamosaics: video mosaics with non-chronological time},
booktitle ={IEEE Conference on Computer Vision and Pattern Recognition (CVPR)},
}

@inproceedings{Eden,
year={2006},
author = {Eden, A. and Uyttendaele, M. and Szeliski, R.},
title = "{Seamless Image Stitching of Scenes with Large Motions and Exposure Differences}",
booktitle ={IEEE Conference on Computer Vision and Pattern Recognition (CVPR)},
}

@inproceedings{Peleg,
year={1999},
author = {Peleg, S. and Ben-Ezra, M.},
title = {Stereo panorama with a single camera},
booktitle ={IEEE Conference on Computer Vision and Pattern Recognition (CVPR)},
}

@inproceedings{Capel,
year={1998},
author = {Capel, D. and Zisserman, A.},
title = {Automated mosaicing with super-resolution zoom},
booktitle ={IEEE Conference on Computer Vision and Pattern Recognition (CVPR)},
}

@inproceedings{Szeliski1997,
 author = {Szeliski, R and Shum, Heung-Yeung},
 title = "{Creating Full View Panoramic Image Mosaics and Environment Maps}",
 booktitle = {ACM SIGGRAPH},
 year = {1997},
 pages = {251--258},
 numpages = {8},
}

@TECHREPORT{Szeliski05imagealignment,
  author = {Richard Szeliski},
  title = {Image alignment and stitching: A tutorial},
  institution = {MSR-TR-2004-92, Microsoft Research, 2004},
  year = {2005}
}

@inproceedings{Brown03,
year={2003},
author = {Brown, M. and Lowe, D.G.},
title = {Recognising panoramas},
booktitle ={International Conference on Computer Vision (ICCV)},
}

@inproceedings{Brown05,
year={2005},
author = {Brown, M. and Szeliski, R. and Winder, S.},
title = {Multi-image matching using multi-scale oriented patches},
booktitle ={IEEE Conference on Computer Vision and Pattern Recognition (CVPR)},
}


@inproceedings{Aner,
year={2002},
author = {Aya Aner and John R. Kender},
title = {Video Summaries through Mosaic-Based Shot and Scene Clustering},
booktitle ={European Conference on Computer Vision (ECCV)},
}

@inproceedings{Lee,
year={2012},
author = {Y. Lee and J. Ghosh and K. Grauman},
title = {Discovering important people and objects for egocentric video summarization},
booktitle ={IEEE Conference on Computer Vision and Pattern Recognition (CVPR)},
}

@inproceedings{Foote,
year={2000},
author = {Foote, J. and Kimber, D.},
title = {FlyCam: practical panoramic video and automatic camera control},
booktitle ={ICME},
}


@article{Brown07,
year={2007},
journal={International Journal of Computer Vision},
volume={74},
number={1},
title={Automatic Panoramic Image Stitching using Invariant Features},
author={Brown, M and Lowe, D. G.},
pages={59-73},
}
 
@article{Agarwala2006,
 author = {Agarwala, A and Agrawala, M and Cohen, M and Salesin, D and Szeliski, R},
 title = {Photographing Long Scenes with Multi-viewpoint Panoramas},
 journal = {ACM Transactions on Graphics},
 volume = {25},
 number = {3},
 month = jul,
 year = {2006},
 pages = {853--861},
 numpages = {9},
} 

@article{Milgram1975,
author= {Milgram, D.L.},
title = {Computer Methods for Creating Photomosaics},
journal = {IEEE Transactions on Computers},
year = {1975},
volume = {C-24},
number = {11},
pages = {1113--1119}
} 

@article{Milgram1977,
author= {Milgram, D.L.},
title = {Adaptive techniques for photomosaicking},
journal = {IEEE Transactions on Computers},
year = {1977},
volume = {26},
number = {11},
pages = {1175--1180}
}

@MISC{ICE,
author = "{Microsoft Image Composite Editor}",
howpublished={\url{http://research.microsoft.com/en-us/um/redmond/groups/ivm/ICE/}},
note = "[Online; accessed 2-February-2017]"
}

@MISC{autostitch,
author = "{AutoStitch}",
howpublished={\url{http://matthewalunbrown.com/autostitch/autostitch.html}},
note = "[Online; accessed 2-February-2017]"
}

@MISC{photoshop,
author = "{Adobe Photoshop CS6}",
howpublished={\url{http://www.adobe.com/products/photoshop}},
note = "[Online; accessed 2-February-2017]"
}

@article{Snavely06,
author = {Noah Snavely and Steven M. Seitz and Richard Szeliski},
title = "{Photo Tourism: Exploring image collections in 3D}",
journal = {ACM Transactions on Graphics},
volume = {25},
pages = {835--846},
year = {2006}
}

@article{Snavely07,
author = {Noah Snavely and Steven M. Seitz and Richard Szeliski},
title = "{Modeling the World from Internet Photo Collections}",
journal = {International Journal of Computer Vision},
volume = {80},
pages = {189--210},
year = {2007}
}

@inproceedings{Wu13,
author = {Changchang Wu},
title = "{Towards Linear-Time Incremental Structure from Motion}",
booktitle = {International Conference on 3D Vision},
pages = {127--134}, 
year = {2013}
}

@article{Pitag13,
year={2013},
journal={Machine Vision and Applications (MVA)},
volume={24},
number={6},
title="{Pi-Tag: a fast image-space marker design based on projective invariants}",
publisher={Springer Berlin Heidelberg},
author={Bergamasco, Filippo and Albarelli, Andrea and Torsello, Andrea},
pages={1295-1310},
}

@inproceedings{concentric,
year={1991},
author = {Gatrell, L and Hoff, W and Sklair, C},
title = {Robust image features:Concentric contrasting circles and their image extraction},
booktitle ={Proc. of Cooperative Intelligent Robotics in Space},
publisher = {SPIE}
}
@inproceedings{Fiala05,
 author = {Fiala, Mark},
 title = "{ARTag, a Fiducial Marker System Using Digital Techniques}", 
 booktitle = {IEEE Conference on Computer Vision and Pattern Recognition (CVPR)},
 year = {2005},
} 

@MISC{ARToolkit02,
author = "{ARToolkit}",
howpublished={\url{http://www.hitl.washington.edu/artoolkit}},
note = "[Online; accessed 2-February-2017]"
}

@MISC{ALGLIB,
title = "{ALGLIB}",
author = {Sergey Bochkanov},
howpublished={\url{http://www.alglib.net}},
note = "[Online; accessed 2-February-2017]"
}
 
@MISC{video,
title = "{YouTube video}",
author = {},
howpublished={\url{http://www.youtube.com/watch?v=ibf9P-Coofw}},
note = "[Online; accessed 2-February-2017]" 
}
 
@Article{Kruizinga:2002,
 author =  {P. Kruizinga and N. Petkov},
 title =  {Non-linear operator for oriented texture},
 journal = {IEEE Transactions on Image Processing},
 year =   {1999},
 volume =  {8},
 number =  {10},
 pages =  {1395-1407}
} 
 
@MISC{alvar,
author = "{VTT Technical Research Centre, Finland}",
title = "{ALVAR, an open source AR tag tracking library}",
howpublished={\url{http://virtual.vtt.fi/virtual/proj2/multimedia/alvar/}},
note = "[Online; accessed 2-February-2017]"
}

@INPROCEEDINGS{Engel12,
    author = {Jakob Engel and J\ddot{u}rgen Sturm and Daniel Cremers},
    title = {Camera-Based Navigation of a Low-Cost Quadrocopter},
    booktitle = {International Conference on Intelligent Robots and Systems (IROS)},
    year = {2012},    
}

@INPROCEEDINGS{Engel13,
  author = {Jakob Engel and J\"{u}rgen Sturm and Daniel Cremers and Tu M\"{u}nchen},
  title = {Semi-Dense Visual Odometry for a Monocular Camera},
  booktitle = {International Conference on Computer Vision (ICCV)},
  year = {2013}
}

@MISC{ros_pitag,
author = {N{\"o}sner, Matthias},
title = "{ROS Wrapper for PiTag Detection Library}",
howpublished={\url{http://wiki.ros.org/cob_fiducials}},
note = "[Online; accessed 2-February-2017]"
} 

@MISC{ros_alvar,
author = {Niekum, Scott},
title = "{ROS Wrapper for ALVAR library}",
howpublished={\url{http://wiki.ros.org/ar_track_alvar}},
note = "[Online; accessed 2-February-2017]"
} 

@inproceedings{Wu:2011,
 author = {Wu, Yi and Haibin Ling and Jingyi Yu and Feng Li and Xue Mei and Erkang Cheng},
 title = {Blurred Target Tracking by Blur-driven Tracker},
 booktitle = {International Conference on Computer Vision (ICCV)},
 year = {2011}, 
} 

@inproceedings{kato-artoolkit,
  author = "H. Kato and Mark Billinghurst",
  year = "1999",
  title = "{Marker Tracking and HMD Calibration for a Video-based Augmented Reality Conferencing System}",
  booktitle = "Proceedings of the 2nd International Workshop on Augmented Reality (IWAR)"  
}

@inproceedings{runetag11,
 author = {Bergamasco, Filippo and Albarelli, Andrea and Rodol{\`a}, Emanuele and Torsello, Andrea},
 booktitle = {IEEE Conference on Computer Vision and Pattern Recognition (CVPR)}, 
 title = "{RUNE-Tag: A high accuracy fiducial marker with strong occlusion resilience.}", 
 year = 2011
}

@inproceedings{ClausF04,
 author = {Claus, David and Fitzgibbon, Andrew W.},
 booktitle = {European Conference on Computer Vision (ECCV)}, 
 title = {Reliable Fiducial Detection in Natural Scenes}, 
 year = 2004
}

@inproceedings{NaimarkF02,
 author = {Naimark, Leonid and Foxlin, Eric},
 booktitle = {International Symposium on Mixed and Augmented Reality (ISMAR)}, 
 title = {Circular Data Matrix Fiducial System and Robust Image Processing for a Wearable Vision-Inertial Self-Tracker.}, 
 year = 2002
}

@article{Cho:2001,
 author = {Cho, Youngkwan and Neumann, Ulrich},
 title = {Multiring Fiducial Systems for Scalable Fiducial-Tracking Augmented Reality},
 journal = {Presence: Teleoperators and Virtual Environments},
 volume = {10},
 number = {6},
 year = {2001},
 pages = {599--612}, 
}

@article{Yilmaz:2006,
 author = {Yilmaz, Alper and Javed, Omar and Shah, Mubarak},
 title = {Object Tracking: A Survey},
 journal = {ACM Computing Surveys},
 issue_date = {2006},
 volume = {38},
 number = {4},
 year = {2006},
 articleno = {13},
} 

@INPROCEEDINGS{Babenko09,
  author = {Boris Babenko and Ming-hsuan Yang and Serge Belongie},
  title = {Visual Tracking with Online Multiple Instance Learning},
  booktitle = {IEEE Conference on Computer Vision and Pattern Recognition (CVPR)},
  year = {2009}
}

@INPROCEEDINGS{Cho97fastcolor,
  author = {Youngkwan Cho and Jun Park and Ulrich Neumann},
  title = {Fast Color Fiducial Detection and Dynamic Workspace Extension in Video See-through Self-Tracking Augmented Reality},
  booktitle = {Fifth Pacific Conference on Computer Graphics and Applications},
  year = {1997}  
}

@INPROCEEDINGS{Perez02,
  author = {P. Perez and C. Hue and J. Vermaak and M. Gangnet},
  title = {Color-based probabilistic tracking},
  booktitle = {European Conference on Computer Vision (ECCV)},
  year = {2002}  
}

@inproceedings{Zhang:2002,
 author = {Zhang, Xiang and Fronz, Stephan and Navab, Nassir},
 title = {Visual Marker Detection and Decoding in AR Systems: A Comparative Study},
 booktitle = {International Symposium on Mixed and Augmented Reality (ISMAR)},
 year = {2002},
}

@inproceedings{Wu:2009,
author = {Wu, Y. and Cheng, J. and Wang, J. and Lu, H.},
title = { Real-time Visual Tracking via Incremental Covariance Tensor Learning},
booktitle = {International Conference on Computer Vision (ICCV)}, 
year = {2009}
}

@inproceedings{Mei:2009,
author = {Mei, X. and Ling, H.},
title = { Robust Visual Tracking using L1 Minimization},
booktitle = {International Conference on Computer Vision (ICCV)}, 
year = {2009}
}

@article{Ross:2008,
year={2008},
journal={International Journal of Computer Vision (IJCV)},
volume={77},
number={1-3},
title={Incremental Learning for Robust Visual Tracking},
author={Ross, DavidA. and Lim, Jongwoo and Lin, Ruei-Sung and Yang, Ming-Hsuan},
pages={125-141}
}

@article{Dorfmuller99,
  author = {Klaus Dorfm{\"u}ller},
  title = {Robust Tracking for Augmented Reality Using Retroreflective Markers},
  journal = {Computer Graphics},
  volume = {23},
  number = {6},
  pages = {795-800},
  year = {1999}
}

@article{Davison:2007,
 author = {Davison, Andrew J. and Reid, Ian D. and Molton, Nicholas D. and Stasse, Olivier},
 title = {MonoSLAM: Real-Time Single Camera SLAM},
 journal = {IEEE Transactions on Pattern Analysis and Machine Intelligence},
 volume = {29},
 number = {6},
 year = {2007},
 pages = {1052--1067},
} 

@article{Bosnak:2012,
year={2012},
journal={Journal of Intelligent and Robotic Systems},
volume={67},
number={1},
title={Quadrocopter Hovering Using Position-estimation Information from Inertial Sensors and a High-delay Video System},
author={Bo\v{s}nak, Matev\v{'z} and Matko, Drago and Bla\v{z}i\v{c}, Sa\v{s}o},
pages={43-60}
}

@InProceedings{Lim09,
 author = 	 {Lim, Hyon and Lee, Young Sam},
 title = 	 {Real-Time Single Camera SLAM Using Fiducial Markers},
 booktitle = {ICROS-SICE International Joint Conference},
 year = {2009}
}

@article{Moshe:2004,
author = {Ben-Ezra, Moshe and Nayar, Shree K.},
title = {Motion-Based Motion Deblurring},
journal ={IEEE Transactions on Pattern Analysis and Machine Intelligence},
volume = {26},
number = {6},
year = {2004},
pages = {689-698}
}

@InProceedings{Moshe:2003,
 author = 	 {Ben-Ezra, Moshe and Nayar, Shree K.},
 title = 	 {Motion Deblurring using Hybrid Imaging},
 year = {2003},
 booktitle = {IEEE Conference on Computer Vision and Pattern Recognition (CVPR)}
}

@inproceedings{Klopschitz:2007,
 author = {Klopschitz, Manfred and Schmalstieg, Dieter},
 title = {Automatic Reconstruction of Wide-Area Fiducial Marker Models},
 booktitle = {International Symposium on Mixed and Augmented Reality (ISMAR) },
 year = {2007},
}

@inproceedings{rankin04,
author = {Arturo L. Rankin and Larry H. Matthies and A. Huertas},
title ={DAYTIME WATER DETECTION BY FUSING MULTIPLE CUES FOR AUTONOMOUS OFF-ROAD NAVIGATION},
year = 2004,
booktitle = "{Proceedings of the 24th Army Science Conference}"
}

@inproceedings{rankin11,
author = {Arturo L. Rankin and Larry H. Matthies and Paolo Bellutta},
title ="{Daytime Water Detection Based on Sky Reflections}",
year = 2011,
booktitLe = "ICRA",
pages = {5329 -- 5336}
}

@inproceedings{santana12,
author = {Pedro Santana and Ricardo Mendonca and Jos Barata},
title ="{Water detection with segmentation guided dynamic texture recognition }",
year = 2012,
booktitle = "IEEE International Conference on Robotics and Biometrics",
pages = {1836 -- 1841}
}

@article{Chapelle99,
author = {Olivier Chapelle and Patrick Haffner and Vladimir N. Vapnik},
title = "{Support Vector Machines for Histogram-Based Image Classification}",
journal = {IEEE TRANSACTIONS ON NEURAL NETWORKS},
vol = {10},
no = {5},
year = 1999,
month = sep
}

@MISC{WHO15Dengue,
author = "{World Health Organization}",
title = "{Dengue and severe dengue. Fact sheet no. 117}",
year = "2015",
howpublished={\url{http://www.who.int/mediacentre/factsheets/fs117/en/}},
note = "[Online; accessed 18-October-2016]" 
}

@article{Cecilia14,
author = {Dayaraj Cecilia},
title = {Current status of dengue and chikungunya in India},
journal = {WHO South-East Asia Journal of Public Health},
vol = {3},
no = {1},
year = {2014}
}

@TECHREPORT{WHO15Malaria,
institution = "WHO",
author = "{World Health Organization}",
title = "{Malaria. Fact sheet no. 94}",
year = "2015",
howpublished={\url{http://www.who.int/mediacentre/factsheets/fs094/en/}}
}


@MISC{Liu11,
author = {Ce Liu},
title = "{Optical Flow Matlab/C++ Code}",
howpublished={\url{http://people.csail.mit.edu/celiu/OpticalFlow/}}
}

@inproceedings{zhang10,
author = {Hua Zhang and Xiaojie Guo and Xiaochun Cao},
title = "{Water Reflection Detection Using a Flip Invariant Shape Detector}",
booktitle = {ICPR},
year = {2010},
pages = {633 -- 636}
}

@phdthesis{Liu11Thesis,
title = "{Beyond Pixels: Exploring New Representations and Applications for Motion Analysis}",
school = "{Massachusetts Institute of Technology}",
author = {Ce Liu},
year = {2009}
}

@MISC{Microsoft15,
title = "{Project Premonition}",
author = "{Microsoft Research}",
howpublished={\url{http://research.microsoft.com/en-us/um/redmond/projects/projectpremonition/default.aspx}},
note = "[Online; accessed 18-October-2016]" 
}

@TECHREPORT{NVBDP_Dengue,
title = "{Dengue Cases and Deaths in the Country since 2009}",
author = "{National Vector Borne Diseases Control Programme}",
institution = "{Ministry of Health and Family Welfare}",
year = {2015},
howpublished={\url{http://nvbdcp.gov.in/den-cd.html}}
}

@TECHREPORT{NVBDP_Malaria,
title = "{Malaria Situation in India}",
author = "{National Vector Borne Diseases Control Programme}",
institution = "{Ministry of Health and Family Welfare}",
year = {2015},
howpublished={\url{http://nvbdcp.gov.in/Doc/mal_situation_May2015.pdf}}
}

@inproceedings{Brox04,
author = {Thomas Brox and Andres Bruhn and Nils Papenberg and Joachim Weickert},
title = {High accuracy optical flow estimation based on a theory for warping},
year = {2004},
booktitle = {European Conference on Computer Vision (ECCV)}
}

@article{Bruhn05,
author = {Andres Bruhn and Joachim Weickert and Christoph Schnorr},
title = "{Lucas/Kanade Meets Horn/Schunck: Combining Local and Global Optic Flow Methods}",
month = feb,
volume = 61,
no = 3,
pages = {211--231}, 
year = {2005},
journal = {IJCV},
}

@MISC{china,
author = "{The Guardian}",
title = "{Sterile mosquitoes released in China to fight dengue fever}",
howpublished={\url{http://www.theguardian.com/world/2015/may/24/sterile-mosquitoes-released-in-china-to-fight-dengue-fever}},
note = "[Online; accessed 18-October-2016]" 
}


@InCollection{rankin2004daytime,
title={Daytime water detection by fusing multiple cues for autonomous off-road navigation},
author={Rankin, Arturo L and Matthies, Larry H and Huertas, Andres},
publisher={World Scientific},
year=2006,
pages={177--184},
booktitle={Selected Topics in Electronics and Systems}
}


@MISC{code,
title="{This paper implementation}",
howpublished={\url{https://copy.com/THA7bMN3CCnjphnK}},
note = "[Online; accessed 18-October-2016]"
}

@MISC{datasets,
title="{Datasets used in this paper}",
howpublished={\url{https://copy.com/FwyDHFK6BbrsiXHT}},
note = "[Online; accessed 18-October-2016]"
}

@MISC{dronedelivery1,
title="{Drones will begin delivering blood and medicine in the US}",
howpublished={\url{http://www.theverge.com/2016/8/2/12350274/zipline-drone-delivery-us-launch-blood-medicine}},
note = "[Online; accessed 8-December-2016]"
}

@MISC{dronedelivery2,
title="{How Rwanda is using drones to save millions of lives}",
howpublished={\url{http://www.cnbc.com/2016/05/27/how-rwanda-is-using-drones-to-save-millions-of-lives.html}},
note = "[Online; accessed 8-December-2016]"
}

@MISC{dronephoto1,
title="{Real estate agent uses drone photography to showcase rural properties}",
howpublished={\url{http://www.abc.net.au/news/2016-10-20/real-estate-agent-drone-photography-to-showcase-rural-properties/7950504}},
note = "[Online; accessed 8-December-2016]"
}

@MISC{dronephoto2,
title="{Drones help to protect Buddhist temple in Taiwan}",
howpublished={\url{http://www.expouav.com/news/latest/drones-help-protect-buddhist-temple-taiwan/}},
note = "[Online; accessed 8-December-2016]"
}

@MISC{dronephoto3,
title="{Discussion: Recent field work in Bagan}",
howpublished={\url{http://www.cyark.org/news/discussing-recent-field-work-in-bagan}},
note = "[Online; accessed 8-December-2016]"
}

@MISC{dronesurvey1,
title="{Police to use drones for aerial surveillance at UK airports}",
howpublished={\url{http://home.bt.com/tech-gadgets/tech-news/police-to-use-drones-for-aerial-surveillance-at-uk-airports-11363977968225}},
note = "[Online; accessed 8-December-2016]"
}

@MISC{dronesurvey2,
title="{49 drones to keep an eye on China and Pakistan borders}",
howpublished={\url{http://www.dnaindia.com/india/report-dna-exclusive-49-drones-to-keep-an-eye-on-china-and-pakistan-borders-1895756}},
note = "[Online; accessed 8-December-2016]"
}

@MISC{dronesurvey3,
title="{China deploys radars, drones on borders to curb infiltrations}",
	howpublished={\url{http://www.thehindu.com/news/international/china-deploys-radars-drones-on-borders-to-curb-infiltration/article7850976.ece}},
 note = "[Online; accessed 8-December-2016]"
}

@MISC{dronearchaeology,
title="{Drones for research: Use of the UAV in archaeology}",
	howpublished={\url{http://popular-archaeology.com/issue/june-2013/article/drones-for-research-use-of-the-uav-in-archaeology}},
 note = "[Online; accessed 8-December-2016]"
}

@MISC{droneinspection,
title="{EYE IN THE SKY}",
	howpublished={\url{http://www.shell.com/inside-energy/eye-in-the-sky.html}},
 note = "[Online; accessed 8-December-2016]"
}

@MISC{droneinspection,
title="{Inspection of Tallest UK Tower}",
	howpublished={\url{https://pix4d.com/inspection-tallest-tower-uk/}},
 note = "[Online; accessed 8-December-2016]"
}	
	
@incollection{jlinkage,
 title={{Robust Multiple Structures Estimation with J-linkage}},
 author={Toldo, Roberto and Fusiello, Andrea},
 booktitle={European Conference on Computer Vision (ECCV)},
 pages={537--547},
 year={2008},
 publisher={Springer}
}

@incollection{realtimejlinkage,
 title={{Real-time incremental j-linkage for robust multiple structures estimation}},
 author={Toldo, Roberto and Fusiello, Andrea},
 booktitle={International Symposium on 3D Data Processing, Visualization and Transmission (3DPVT) },
 pages={6},
 year={2010},
 publisher={Springer}
}

@inproceedings{toldo,
	title={{Real-time Incremental J-linkage for Robust Multiple Structures Estimation}},
	author={Toldo, Roberto and Fusiello, Andrea},
	booktitle={International Symposium on 3D Data Processing, Visualization and Transmission (3DPVT)},
	volume={1},
	number={2},
	pages={6},
	year={2010},
	organization={IEEE}
}

@inproceedings{klein,
 title={{Parallel Tracking and Mapping for Small AR Workspaces}},
 author={Klein, Georg and Murray, David},
 booktitle={Mixed and Augmented Reality, 2007. ISMAR 2007. 6th IEEE and ACM International Symposium on},
 pages={225--234},
 year={2007},
 organization={IEEE}
}

@inproceedings{zuliani,
 title={{The multiRANSAC Algorithm And Its Application To Detect Planar Homographies}},
 author={Zuliani, Marco and Kenney, Charles S and Manjunath, B S},
 booktitle={IEEE International Conference on Image Processing (ICIP)},
 volume={3},
 pages={153--156},
 year={2005},
 organization={IEEE}
}

@inproceedings{tlinkage,
title = {{T-Linkage: a Continuous Relaxation of J-Linkage for Multi-Model Fitting}},
author = {Luca Magri and Andrea Fusiello},
booktitle = {IEEE Conference on Computer Vision and Pattern Recognition (CVPR)},
year = {2014}
}

@inproceedings{engel, 
 title={{Camera-Based Navigation of a Low-Cost Quadrocopter}},
 author={Engel, Jakob and Sturm, Jurgen and Cremers, Daniel},
 booktitle = {International Conference on Intelligent Robots and Systems (IROS)},
 pages={2815--2821},
 year={2012},
 organization={IEEE}
}

@inproceedings{Kanazawa,
title = {{Detection of Planar Regions with Uncalibrated Stereo using Distributions of Feature Points}},
author = {Yasushi Kanazawa and Hiroshi Kawakami},
booktitle = {British Machine Vision Conference (BMVC)},
year = {2004}
}

@inproceedings{nimisha,
title="{Seamless Change Detection and Mosaicing for Aerial Imagery}",
author = {Nimisha.T.M and A.N. Rajagopalan and R. Aravind},
booktitle = {CVPRW},
year = {2015}
}

@inproceedings{Yahyanejad,
title = "{Incremental mosaicking of images from autonomous, small-scale UAVs}",
author = {S. Yahyanejad and D. Wischounig-Strucl and M. Quaritsch and B. Rinner},
booktitle = {7th IEEE International Conference on Advanced Video and Signal Based
Surveillance (AVSS)},
pages ={329--336}, 
year = {2010}
}

@inproceedings{Yuanhang,
 author ={C. Yuanhang and H. Xiaowei and X. Dingyu},
title = "{A mosaic approach for remote sensing images based on wavelet transform}",
booktitle = {Fourth International Conference on Wireless Communications, Networking and Mobile Computing
(WiCOM)},
pages ={1--4}, 
year = {2008}
}

@inproceesings{Yue,
author = {W.  Yue and  W.  Yun-dong  and  W.  Hui},
title =  "{Free  image  registration  and  mosaicing based on tin and improved szeliski algorithm}",
booktitle = {International Society for Photogrammetry and Remote Sensing (ISPRS)},
volume  = {XXXVII},
year = {2008}
}

@article{Zhu,
 author = {Z. Zhu and E. M. Riseman and A. R. Hanson and H. J. Schultz},
 title = "{An efficient method for geo-referenced video mosaicing for environmental monitoring}",
journal = {Machine Vision and Applications},
volume = {16},
number = {4},
pages = {203--216},
year = {2005},
}

@inproceedings{Bagnell,
title = {Maximum margin planning},
author = {Bagnell, J. A. and Ratliff, N. D. and Zinkevich, M. A.},
year = {2006},  
booktitle = {International Conference on Machine Learning}
}

@inproceedings{Ferguson,
title = {Anytime, Dynamic Planning in High-dimensional Search Spaces},
author = {Ferguson, D. and Stentz, A. },
year = {2007},
booktitle = {IEEE International Conference on Robotics and Automation (ICRA)},
pages = {1310--1315}
}

@article{Latombe,
title = {Motion planning: A journey of robots, molecules, digital actors and other artifacts},
author = {Latombe, Jean-Claude},
journal = {The International Journal of Robotics Research},
vol = 18,
year = 1999,
pages = {1119--1128}
}

@InProceedings{Ollis,
  author = 	 {Ollis, M. and Huang, W. H. and Happold, M. and Stancil, B. A.},
  title = 	 {Image-based path planning for outdoor mobile robots},
  booktitle = {IEEE International Conference on Robotics and Automation (ICRA)}, 
  year = 2008,
}

@Article{Otte09,
  author = 	 {Otte, M. and Richardson, S. and Mulligan, J. and Grudic, G.},
  title = 	 {Path planning in image space for autonomous robot navigation in unstructured environments},
  journal = 	 {Journal of Field Robotics},
  year = 	 {2009},
  vol = {26},
  pages = {212--240}
}

@InProceedings{Grasemann,
  author = 	 {Grasemann, U. and Stronger, D. and Stone, P.},
  title = 	 {A neural network-based approach to robot motion control},
  booktitle = {RoboCup 2007: Robot Soccer World Cup XI},
  pages = {480--487},
  year = {2007}
}
 
@Book{LaValle,
  author = 	 {LaValle, S. M.},  
  title = 	 {Planning Algorithms},
  publisher = 	 {Cambridge University Press},
  year = 	 {2006},  
}

@article{Zhang:2012,
 author = {Zhang, Zhengyou},
 title = {Microsoft Kinect Sensor and Its Effect},
 journal = {IEEE MultiMedia},
 volume = {19},
 number = {2},
 month = apr,
 year = {2012},
 pages = {4--10},
 publisher = {IEEE Computer Society Press},
}
